@article{NewDirs-76,
  title={New directions in cryptography},
  author={Diffie, Whitfield and Hellman, Martin},
  journal={IEEE transactions on Information Theory},
  volume={22},
  number={6},
  pages={644--654},
  year={1976},
  publisher={IEEE}
}
@BOOK{KorobBasics-04,
  title={Математические основы криптологии},
  author={Коробейников, Анатолий Григорьевич and Гатчин, Юрий Арменакович},
  journal={Учебное пособие. СПб: СПб ГУ ИТМО},
  year={2004},
  language = {russian}
}
@article{SusanNewCentury-00,
  title={Designing Cryptography for the New Century.},
  author={Landau, Susan},
  journal={Commun. ACM},
  volume={43},
  number={5},
  pages={115--120},
  year={2000}
}
@inproceedings{Yarrow-99,
  title={Yarrow-160: Notes on the design and analysis of the yarrow cryptographic pseudorandom number generator},
  author={Kelsey, John and Schneier, Bruce and Ferguson, Niels},
  booktitle={International Workshop on Selected Areas in Cryptography},
  pages={13--33},
  year={1999},
  organization={Springer}
}
@misc{LRNG-18,
  title={Linux random number generator—a new approach},
  author={M{\"u}ller, Stephan}
}
@article{SoALightSymm-17,
  title={State of the art in lightweight symmetric cryptography},
  author={Biryukov, Alex and Perrin, L{\'e}o Paul},
  year={2017},
  publisher={Esch-sur-Alzette}
}
@article{ShamirShare-79,
  title={How to share a secret},
  author={Shamir, Adi},
  journal={Communications of the ACM},
  volume={22},
  number={11},
  pages={612--613},
  year={1979},
  publisher={ACm}
}
@techreport{DigSign-79,
  title={Constructing digital signatures from a one-way function},
  author={Lamport, Leslie},
  year={1979},
  institution={Technical Report CSL-98, SRI International Palo Alto}
}
@inproceedings{TakingRootsInFinite-77,
  title={On taking roots in finite fields},
  author={Adleman, Leonard and Manders, Kenneth and Miller, Gary},
  booktitle={18th Annual Symposium on Foundations of Computer Science (sfcs 1977)},
  pages={175--178},
  year={1977},
  organization={IEEE}
}
@incollection{ReduceNP-72,
  title={Reducibility among combinatorial problems},
  author={Karp, Richard M},
  booktitle={Complexity of computer computations},
  pages={85--103},
  year={1972},
  publisher={Springer}
}
@article{Brassard-79,
  title={A note on the complexity of cryptography (corresp.)},
  author={Brassard, Gilles},
  journal={IEEE Transactions on information Theory},
  volume={25},
  number={2},
  pages={232--233},
  year={1979},
  publisher={IEEE}
}
@article{OnPrivData-78,
  title={On data banks and privacy homomorphisms},
  author={Rivest, Ronald L and Adleman, Len and Dertouzos, Michael L and others},
  journal={Foundations of secure computation},
  volume={4},
  number={11},
  pages={169--180},
  year={1978}
}
@book{hoffstein2008introduction,
  title={An introduction to mathematical cryptography},
  author={Hoffstein, Jeffrey and Pipher, Jill and Silverman, Joseph H},
  volume={1},
  publisher={Springer}
}
@book{LOG-85,
  title={Three results in number theory and cryptography: A new algorithm to compute square roots modulo a prime number; On the bit complexity of the discrete logarithm; A framework for the study of cryptoprotocols},
  author={́Caupolica{\'n} Peralta, Rene},
  year={1985},
  publisher={University of California, Berkeley}
}
@inproceedings{EllipticCurves-85,
  title={Use of elliptic curves in cryptography},
  author={Miller, Victor S},
  booktitle={Conference on the theory and application of cryptographic techniques},
  pages={417--426},
  year={1985},
  organization={Springer}
}
@inproceedings{NewDirsLater-97,
  title={New directions in cryptography: twenty some years later (or cryptograpy and complexity theory: a match made in heaven)},
  author={Goldwasser, Shafi},
  booktitle={Proceedings 38th Annual Symposium on Foundations of Computer Science},
  pages={314--324},
  year={1997},
  organization={IEEE}
}
@inproceedings{ObliviousTransfer-88,
  title={Founding crytpography on oblivious transfer},
  author={Kilian, Joe},
  booktitle={Proceedings of the twentieth annual ACM symposium on Theory of computing},
  pages={20--31},
  year={1988},
  organization={ACM}
}
@article{ContractSign-85,
  title={A randomized protocol for signing contracts},
  author={Even, Shimon and Goldreich, Oded and Lempel, Abraham},
  journal={Communications of the ACM},
  volume={28},
  number={6},
  pages={637--647},
  year={1985},
  publisher={ACM}
}
@book{ElectionScheme-85,
  title={A robust and verifiable cryptographically secure election scheme},
  author={Cohen, Josh D and Fischer, Michael J},
  year={1985},
  publisher={Yale University. Department of Computer Science}
}
@article{SecretBallot-87,
  title={Verifiable secret-ballot elections [Ph. D. Thesis]},
  author={Benaloh, J},
  journal={Yale University},
  year={1987}
}
@article{BCoin-82,
  title={Coin flipping by telephone},
  author={Blum, Manuel},
  journal={Proc. of COMPCON, IEEE, 1982},
  year={1982}
}

@inproceedings{BSecret-83,
  title={How to exchange (secret) keys},
  author={Blum, Manuel},
  booktitle={Proceedings of the fifteenth annual ACM symposium on Theory of computing},
  pages={440--447},
  year={1983},
  organization={ACM}
}
@inproceedings{VerifySecretSharing-87,
  title={A practical scheme for non-interactive verifiable secret sharing},
  author={Feldman, Paul},
  booktitle={28th Annual Symposium on Foundations of Computer Science (sfcs 1987)},
  pages={427--438},
  year={1987},
  organization={IEEE}
}
@inproceedings{OnPrivHomo-87,
  title={On privacy homomorphisms},
  author={Brickell, Ernest F and Yacobi, Yacov},
  booktitle={Workshop on the Theory and Application of of Cryptographic Techniques},
  pages={117--125},
  year={1987},
  organization={Springer}
}
@inproceedings{ComplexIntercativProofs-89,
  title={IP= PSPACE (interactive proof= polynomial space)},
  author={Shamir, Adi},
  booktitle={Proceedings [1990] 31st Annual Symposium on Foundations of Computer Science},
  pages={11--15},
  year={1990},
  organization={IEEE}
}
@misc{MalleableCrypto-91,
  title={Non-Malleable Cryptography. STOC’91},
  author={Dolev, D and Dwork, C and Naor, M},
  year={1991},
  publisher={ACM Press}
}
@article{SelfReduce-93,
  title={Random-self-reducibility of complete sets},
  author={Feigenbaum, Joan and Fortnow, Lance},
  journal={SIAM Journal on Computing},
  volume={22},
  number={5},
  pages={994--1005},
  year={1993},
  publisher={SIAM}
}
@article{Galore-93,
  title={Combinatorial cryptosystems galore!},
  author={Fellows, Michael and Koblitz, Neal},
  journal={Contemporary Mathematics},
  volume={168},
  pages={51--51},
  year={1994},
  publisher={AMERICAN MATHEMATICAL SOCIETY}
}
@inproceedings{CSproofs-94,
  title={CS proofs},
  author={Micali, Silvio},
  booktitle={Proceedings 35th Annual Symposium on Foundations of Computer Science},
  pages={436--453},
  year={1994},
  organization={IEEE}
}
@misc{Foundatios-95,
  title={Foundations of Cryptography:(fragments of a Book},
  author={Goldreich, Oded},
  year={1995},
  publisher={Weizmann Institute of Science}
}
@inproceedings{BonehBlackBox-96,
  title={Algorithms for black-box fields and their application to cryptography},
  author={Boneh, Dan and Lipton, Richard J},
  booktitle={Annual International Cryptology Conference},
  pages={283--297},
  year={1996},
  organization={Springer}
}
@inproceedings{LatticesHard-96,
  title={Generating hard instances of lattice problems},
  author={Ajtai, Mikl{\'o}s},
  booktitle={Proceedings of the twenty-eighth annual ACM symposium on Theory of computing},
  pages={99--108},
  year={1996},
  organization={ACM}
}
@inproceedings{Atjai-96,
  title={Generating hard instances of lattice problems},
  author={Ajtai, Mikl{\'o}s},
  booktitle={Proceedings of the twenty-eighth annual ACM symposium on Theory of computing},
  pages={99--108},
  year={1996},
  organization={ACM}
}
@inproceedings{MultipartyGoldwasser-97,
  title={Multi party computations: past and present},
  author={Goldwasser, Shafi},
  booktitle={Proceedings of the sixteenth annual ACM symposium on Principles of distributed computing},
  pages={1--6},
  year={1997},
  organization={ACM}
}
@inproceedings{chor1997comPrivateRetrival-97putationally,
  title={Computationally private information retrieval},
  author={Chor, Benny and Gilboa, Niv},
  booktitle={Journal of the ACM},
  year={1997},
  organization={Citeseer}
}
@inproceedings{WorstAverage-97-97,
  title={A public-key cryptosystem with worst-case/average-case equivalence},
  author={Ajtai, Mikl{\'o}s and Dwork, Cynthia},
  booktitle={STOC},
  volume={97},
  pages={284--293},
  year={1997},
  organization={Citeseer}
}
@inproceedings{Goldreich-97,
  title={Public-key cryptosystems from lattice reduction problems},
  author={Goldreich, Oded and Goldwasser, Shafi and Halevi, Shai},
  booktitle={Annual International Cryptology Conference},
  pages={112--131},
  year={1997},
  organization={Springer}
}
@inproceedings{CryptoLatticeReduction-97,
  title={Public-key cryptosystems from lattice reduction problems},
  author={Goldreich, Oded and Goldwasser, Shafi and Halevi, Shai},
  booktitle={Annual International Cryptology Conference},
  pages={112--131},
  year={1997},
  organization={Springer}
}
@inproceedings{Coppersmith-97,
  title={Lattice attacks on NTRU},
  author={Coppersmith, Don and Shamir, Adi},
  booktitle={International Conference on the Theory and Applications of Cryptographic Techniques},
  pages={52--61},
  year={1997},
  organization={Springer}
}
@inproceedings{Ajtai-97,
  title={A public-key cryptosystem with worst-case/average-case equivalence},
  author={Ajtai, Mikl{\'o}s and Dwork, Cynthia},
  booktitle={STOC},
  volume={97},
  pages={284--293},
  year={1997},
  organization={Citeseer}
}
@inproceedings{OkamotoUchiyama-98,
  title={A new public-key cryptosystem as secure as factoring},
  author={Okamoto, Tatsuaki and Uchiyama, Shigenori},
  booktitle={International conference on the theory and applications of cryptographic techniques},
  pages={308--318},
  year={1998},
  organization={Springer}
}
@inproceedings{AtomicProxy-98,
  title={Divertible protocols and atomic proxy cryptography},
  author={Blaze, Matt and Bleumer, Gerrit and Strauss, Martin},
  booktitle={International Conference on the Theory and Applications of Cryptographic Techniques},
  pages={127--144},
  year={1998},
  organization={Springer}
}
@inproceedings{NTRU-98,
  title={NTRU: A ring-based public key cryptosystem},
  author={Hoffstein, Jeffrey and Pipher, Jill and Silverman, Joseph H},
  booktitle={International Algorithmic Number Theory Symposium},
  pages={267--288},
  year={1998},
  organization={Springer}
}
@techreport{Hoffstein-98,
  title={Invertibility in truncated polynomial rings},
  author={Hoffstein, J and Silverman, JH},
  year={1998},
  institution={Technical report, NTRU Cryptosystems, October 1998. Report}
}
@inproceedings{Paillier-99,
  title={Public-key cryptosystems based on composite degree residuosity classes},
  author={Paillier, Pascal},
  booktitle={International Conference on the Theory and Applications of Cryptographic Techniques},
  pages={223--238},
  year={1999},
  organization={Springer}
}
@inproceedings{NCComputing-99,
  title={Non-interactive cryptocomputing for nc/sup 1},
  author={Sander, Tomas and Young, Adam and Yung, Moti},
  booktitle={40th Annual Symposium on Foundations of Computer Science (Cat. No. 99CB37039)},
  pages={554--566},
  year={1999},
  organization={IEEE}
}
@inproceedings{NonMalleable-99,
  title={Non-malleable non-interactive zero knowledge and adaptive chosen-ciphertext security},
  author={Sahai, Amit},
  booktitle={40th Annual Symposium on Foundations of Computer Science (Cat. No. 99CB37039)},
  pages={543--553},
  year={1999},
  organization={IEEE}
}
@article{Shor-99,
  title={Polynomial-time algorithms for prime factorization and discrete logarithms on a quantum computer},
  author={Shor, Peter W},
  journal={SIAM review},
  volume={41},
  number={2},
  pages={303--332},
  year={1999},
  publisher={SIAM}
}
@inproceedings{ChoosenAnyOneWay-00,
  title={Chosen-ciphertext security for any one-way cryptosystem},
  author={Pointcheval, David},
  booktitle={International Workshop on Public Key Cryptography},
  pages={129--146},
  year={2000},
  organization={Springer}
}
@inproceedings{OnObfImpossible-01,
  title={On the (im) possibility of obfuscating programs},
  author={Barak, Boaz and Goldreich, Oded and Impagliazzo, Rusell and Rudich, Steven and Sahai, Amit and Vadhan, Salil and Yang, Ke},
  booktitle={Annual International Cryptology Conference},
  pages={1--18},
  year={2001},
  organization={Springer}
}
@inproceedings{Gentry-01,
  title={Key recovery and message attacks on NTRU-composite},
  author={Gentry, Craig},
  booktitle={International Conference on the Theory and Applications of Cryptographic Techniques},
  pages={182--194},
  year={2001},
  organization={Springer}
}
@phdthesis{MonicoSemiRings-02,
  title={Semirings and semigroup actions in public-key cryptography},
  author={Monico, Christopher J},
  year={2002},
  school={University of Notre Dame Notre Dame}
}
@inproceedings{MicciancioWorstCase-02,
  title={Generalized compact knapsacks, cyclic lattices, and efficient one-way functions from worst-case complexity assumptions},
  author={Micciancio, Daniele},
  booktitle={The 43rd Annual IEEE Symposium on Foundations of Computer Science, 2002. Proceedings.},
  pages={356--365},
  year={2002},
  organization={IEEE}
}
@article{HellmanOverview-02,
  title={An overview of public key cryptography},
  author={Hellman, Martin E},
  journal={IEEE Communications Magazine},
  volume={40},
  number={5},
  pages={42--49},
  year={2002},
  publisher={[New York, Communications Society of Institute of Electrical and Electronics~…}
}
@article{BarrenoQuantumFuture-02,
  title={The future of cryptography under quantum computers},
  author={Barreno, Marco A},
  journal={Dartmouth College Computer Science Technical Reports},
  year={2002}
}
@inproceedings{Micciancio-02,
  title={Improved cryptographic hash functions with worst-case/average-case connection},
  author={Micciancio, Daniele},
  booktitle={Proceedings of the thiry-fourth annual ACM symposium on Theory of computing},
  pages={609--618},
  year={2002},
  organization={ACM}
}
@inproceedings{DentCryptoCoding-03,
  title={A designer’s guide to KEMs},
  author={Dent, Alexander W},
  booktitle={IMA International Conference on Cryptography and Coding},
  pages={133--151},
  year={2003},
  organization={Springer}
}
@inproceedings{DamgardJurik-03,
  title={A length-flexible threshold cryptosystem with applications},
  author={Damg{\aa}rd, Ivan and Jurik, Mads},
  booktitle={Australasian Conference on Information Security and Privacy},
  pages={350--364},
  year={2003},
  organization={Springer}
}
@inproceedings{2DNF-05,
  title={Evaluating 2-DNF formulas on ciphertexts},
  author={Boneh, Dan and Goh, Eu-Jin and Nissim, Kobbi},
  booktitle={Theory of Cryptography Conference},
  pages={325--341},
  year={2005},
  organization={Springer}
}
@article{Hoffstein-05,
  title={Performance Improvements and a Baseline Parameter Generation Algorithm for NTRUSign.},
  author={Hoffstein, Jeffrey and Howgrave-Graham, Nick and Pipher, Jill and Silverman, Joseph H and Whyte, William},
  journal={IACR Cryptology ePrint Archive},
  volume={2005},
  pages={274},
  year={2005}
}
@book{GeneralizedJacobians-06,
  title={Generalized Jacobians in cryptography},
  author={D{\'e}chene, Isabelle},
  volume={68},
  number={03},
  year={2006}
}
@inproceedings{PeikertCollisionResistant-06,
  title={Efficient collision-resistant hashing from worst-case assumptions on cyclic lattices},
  author={Peikert, Chris and Rosen, Alon},
  booktitle={Theory of Cryptography Conference},
  pages={145--166},
  year={2006},
  organization={Springer}
}
@inproceedings{LyubashevskyKnapsacks-06,
  title={Generalized compact knapsacks are collision resistant},
  author={Lyubashevsky, Vadim and Micciancio, Daniele},
  booktitle={International Colloquium on Automata, Languages, and Programming},
  pages={144--155},
  year={2006},
  organization={Springer}
}
@inproceedings{Regev-06,
  title={Lattice-based cryptography},
  author={Regev, Oded},
  booktitle={Annual International Cryptology Conference},
  pages={131--141},
  year={2006},
  organization={Springer}
}
@inproceedings{Peikert-06,
  title={Efficient collision-resistant hashing from worst-case assumptions on cyclic lattices},
  author={Peikert, Chris and Rosen, Alon},
  booktitle={Theory of Cryptography Conference},
  pages={145--166},
  year={2006},
  organization={Springer}
}
@book{AdvancesCrypto-07,
  title={Advances in Cryptology-CRYPTO 2007: 27th Annual International Cryptology Conference, Santa Barbara, CA, USA, August 19-23, 2007, Proceedings},
  author={Menezes, Alfred},
  volume={4622},
  year={2007},
  publisher={Springer}
}
@inproceedings{PeikertLatticesLog-07,
  title={Lattices that admit logarithmic worst-case to average-case connection factors},
  author={Peikert, Chris and Rosen, Alon},
  booktitle={Proceedings of the thirty-ninth annual ACM symposium on Theory of computing},
  pages={478--487},
  year={2007},
  organization={ACM}
}
@inproceedings{MultiBitLattice-07,
  title={Multi-bit cryptosystems based on lattice problems},
  author={Kawachi, Akinori and Tanaka, Keisuke and Xagawa, Keita},
  booktitle={International Workshop on Public Key Cryptography},
  pages={315--329},
  year={2007},
  organization={Springer}
}
@inproceedings{NickHybridNTRUAttack-07,
  title={A hybrid lattice-reduction and meet-in-the-middle attack against NTRU},
  author={Howgrave-Graham, Nick},
  booktitle={Annual International Cryptology Conference},
  pages={150--169},
  year={2007},
  organization={Springer}
}
@article{MicciancioKnapsacks-07,
  title={Generalized compact knapsacks, cyclic lattices, and efficient one-way functions},
  author={Micciancio, Daniele},
  journal={computational complexity},
  volume={16},
  number={4},
  pages={365--411},
  year={2007},
  publisher={Springer}
}
@inproceedings{IshaiPaskinBranches-07,
  title={Evaluating branching programs on encrypted data},
  author={Ishai, Yuval and Paskin, Anat},
  booktitle={Theory of Cryptography Conference},
  pages={575--594},
  year={2007},
  organization={Springer}
}
@inproceedings{Peikert-07,
  title={Trapdoors for hard lattices and new cryptographic constructions},
  author={Gentry, Craig and Peikert, Chris and Vaikuntanathan, Vinod},
  booktitle={Proceedings of the fortieth annual ACM symposium on Theory of computing},
  pages={197--206},
  year={2008},
  organization={ACM}
}
@inproceedings{KatzGameTheory-08,
  title={Bridging game theory and cryptography: Recent results and future directions},
  author={Katz, Jonathan},
  booktitle={Theory of Cryptography Conference},
  pages={251--272},
  year={2008},
  organization={Springer}
}
@inproceedings{LatticeHomoVector-08,
  title={Lattice-based homomorphic encryption of vector spaces},
  author={Melchor, Carlos Aguilar and Castagnos, Guilhem and Gaborit, Philippe},
  booktitle={2008 IEEE International Symposium on Information Theory},
  pages={1858--1862},
  year={2008},
  organization={IEEE}
}
@article{HomoNewApproach-08,
  title={A New Approach for Algebraically Homomorphic Encryption.},
  author={Armknecht, Frederik and Sadeghi, Ahmad-Reza},
  journal={IACR Cryptology ePrint Archive},
  volume={2008},
  pages={422},
  year={2008}
}
@book{HoffsteinIntroduction-08,
  title={An introduction to mathematical cryptography},
  author={Hoffstein, Jeffrey and Pipher, Jill and Silverman, Joseph H and Silverman, Joseph H},
  volume={1},
  year={2008},
  publisher={Springer}
}
@article{HeindlMultivariate-09,
  title={New directions in multivariate public key cryptography},
  author={Heindl, Raymond},
  year={2009}
}
@inproceedings{PhilipChoosingNTRU-09,
  title={Choosing NTRUEncrypt parameters in light of combined lattice reduction and MITM approaches},
  author={Hirschhorn, Philip S and Hoffstein, Jeffrey and Howgrave-Graham, Nick and Whyte, William},
  booktitle={International Conference on Applied Cryptography and Network Security},
  pages={437--455},
  year={2009},
  organization={Springer}
}
@book{Jentry-09,
  title={A fully homomorphic encryption scheme},
  author={Gentry, Craig and Boneh, Dan},
  volume={20},
  number={09},
  year={2009},
  publisher={Stanford University Stanford}
}
@article{IntervalObfuscation-09,
  title={Interval obfuscation},
  author={van Dijk, M and Devadas, S},
  journal={as an MIT-CSAIL Technical Report in},
  year={2009}
}
@article{Regev-09,
  title={On lattices, learning with errors, random linear codes, and cryptography},
  author={Regev, Oded},
  journal={Journal of the ACM (JACM)},
  volume={56},
  number={6},
  pages={34},
  year={2009},
  publisher={ACM}
}
@inproceedings{Gentry-09,
  title={Fully homomorphic encryption using ideal lattices.},
  author={Gentry, Craig and others},
  booktitle={Stoc},
  volume={9},
  number={2009},
  pages={169--178},
  year={2009}
}

@incollection{HoffsteinLatticeCrypto-09,
  title={Practical lattice-based cryptography: NTRUEncrypt and NTRUSign},
  author={Hoffstein, Jeff and Howgrave-Graham, Nick and Pipher, Jill and Whyte, William},
  booktitle={The LLL Algorithm},
  pages={349--390},
  year={2009},
  publisher={Springer}
}
@inproceedings{DijkHomoIntegers-10,
  title={Fully homomorphic encryption over the integers},
  author={Van Dijk, Marten and Gentry, Craig and Halevi, Shai and Vaikuntanathan, Vinod},
  booktitle={Annual International Conference on the Theory and Applications of Cryptographic Techniques},
  pages={24--43},
  year={2010},
  organization={Springer}
}
@article{Jentry-10,
  title={Computing arbitrary functions of encrypted data},
  author={Gentry, Craig},
  journal={Communications of the ACM},
  volume={53},
  number={3},
  pages={97--105},
  year={2010},
  publisher={ACM}
}
@inproceedings{SmartVercauteren-10,
  title={Fully homomorphic encryption with relatively small key and ciphertext sizes},
  author={Smart, Nigel P and Vercauteren, Frederik},
  booktitle={International Workshop on Public Key Cryptography},
  pages={420--443},
  year={2010},
  organization={Springer}
}
@inproceedings{Lyubashevsky-10,
  title={On ideal lattices and learning with errors over rings},
  author={Lyubashevsky, Vadim and Peikert, Chris and Regev, Oded},
  booktitle={Annual International Conference on the Theory and Applications of Cryptographic Techniques},
  pages={1--23},
  year={2010},
  organization={Springer}
}
@inproceedings{BrakevskiVaikuntanathan-11,
  title={Fully homomorphic encryption from ring-LWE and security for key dependent messages},
  author={Brakerski, Zvika and Vaikuntanathan, Vinod},
  booktitle={Annual cryptology conference},
  pages={505--524},
  year={2011},
  organization={Springer}
}
@article{Micciancio-11,
  title={Lattice-based cryptography},
  author={Micciancio, Daniele},
  journal={Encyclopedia of Cryptography and Security},
  pages={713--715},
  year={2011},
  publisher={Springer}
}
@inproceedings{Stehle-11,
  title={Making NTRU as secure as worst-case problems over ideal lattices},
  author={Stehl{\'e}, Damien and Steinfeld, Ron},
  booktitle={Annual International Conference on the Theory and Applications of Cryptographic Techniques},
  pages={27--47},
  year={2011},
  organization={Springer}
}
@article{Mikus-12,
  title={Experiments with the plaintext space in Gentry’s somewhat homomorphic scheme},
  author={Miku{\v{s}}, Michal},
  journal={Tatra Mountains Mathematical Publications},
  volume={53},
  number={1},
  pages={147--154},
  year={2012},
  publisher={Versita}
}
@inproceedings{Lopez-12,
  title={Multiparty computation with low communication, computation and interaction via threshold FHE},
  author={Asharov, Gilad and Jain, Abhishek and L{\'o}pez-Alt, Adriana and Tromer, Eran and Vaikuntanathan, Vinod and Wichs, Daniel},
  booktitle={Annual International Conference on the Theory and Applications of Cryptographic Techniques},
  pages={483--501},
  year={2012},
  organization={Springer}
}
@inproceedings{Gentry-12,
  title={Homomorphic evaluation of the AES circuit},
  author={Gentry, Craig and Halevi, Shai and Smart, Nigel P},
  booktitle={Annual Cryptology Conference},
  pages={850--867},
  year={2012},
  organization={Springer}
}

@inproceedings{Brakerski-12,
  title={Fully homomorphic encryption without modulus switching from classical GapSVP},
  author={Brakerski, Zvika},
  booktitle={Annual Cryptology Conference},
  pages={868--886},
  year={2012},
  organization={Springer}
}
@inproceedings{Lyubashevsky-13,
  title={A toolkit for ring-LWE cryptography},
  author={Lyubashevsky, Vadim and Peikert, Chris and Regev, Oded},
  booktitle={Annual International Conference on the Theory and Applications of Cryptographic Techniques},
  pages={35--54},
  year={2013},
  organization={Springer}
}
@inproceedings{Gentry-13,
  title={Homomorphic encryption from learning with errors: Conceptually-simpler, asymptotically-faster, attribute-based},
  author={Gentry, Craig and Sahai, Amit and Waters, Brent},
  booktitle={Annual Cryptology Conference},
  pages={75--92},
  year={2013},
  organization={Springer}
}
@inproceedings{Jentry-13,
  title={Homomorphic encryption from learning with errors: Conceptually-simpler, asymptotically-faster, attribute-based},
  author={Gentry, Craig and Sahai, Amit and Waters, Brent},
  booktitle={Annual Cryptology Conference},
  pages={75--92},
  year={2013},
  organization={Springer}
}
@inproceedings{Bos-13,
  title={Fast cryptography in genus 2},
  author={Bos, Joppe W and Costello, Craig and Hisil, Huseyin and Lauter, Kristin},
  booktitle={Annual International Conference on the Theory and Applications of Cryptographic Techniques},
  pages={194--210},
  year={2013},
  organization={Springer}
}
@article{BrakevskiVaikuntanathan-14,
  title={Efficient fully homomorphic encryption from (standard) LWE},
  author={Brakerski, Zvika and Vaikuntanathan, Vinod},
  journal={SIAM Journal on Computing},
  volume={43},
  number={2},
  pages={831--871},
  year={2014},
  publisher={SIAM}
}
@article{Brakerski-14,
  title={(Leveled) fully homomorphic encryption without bootstrapping},
  author={Brakerski, Zvika and Gentry, Craig and Vaikuntanathan, Vinod},
  journal={ACM Transactions on Computation Theory (TOCT)},
  volume={6},
  number={3},
  pages={13},
  year={2014},
  publisher={ACM}
}
@article{Peikert-15,
  title={Using fully homomorphic hybrid encryption to minimize non-interative zero-knowledge proofs},
  author={Gentry, Craig and Groth, Jens and Ishai, Yuval and Peikert, Chris and Sahai, Amit and Smith, Adam},
  journal={Journal of Cryptology},
  volume={28},
  number={4},
  pages={820--843},
  year={2015},
  publisher={Springer}
}
@article{AsurveyOnHomoEnc-18,
  title={A survey on homomorphic encryption schemes: Theory and implementation},
  author={Acar, Abbas and Aksu, Hidayet and Uluagac, A Selcuk and Conti, Mauro},
  journal={ACM Computing Surveys (CSUR)},
  volume={51},
  number={4},
  pages={79},
  year={2018},
  publisher={ACM}
}
@article{Cheon-16,
  title={An algorithm for NTRU problems and cryptanalysis of the GGH multilinear map without a low-level encoding of zero},
  author={Cheon, Jung Hee and Jeong, Jinhyuck and Lee, Changmin},
  journal={LMS Journal of Computation and Mathematics},
  volume={19},
  number={A},
  pages={255--266},
  year={2016},
  publisher={London Mathematical Society}
}
@article{Bernstein-16,
  title={Classic McEliece: conservative code-based cryptography},
  author={Bernstein, Daniel J and Chou, Tung and Lange, Tanja and von Maurich, Ingo and Misoczki, Rafael and Niederhagen, Ruben and Persichetti, Edoardo and Peters, Christiane and Schwabe, Peter and Sendrier, Nicolas and others},
  journal={NIST submissions},
  year={2017}
}
@article{ElGamal,
  title={A public key cryptosystem and a signature scheme based on discrete logarithms},
  author={ElGamal, Taher},
  journal={IEEE transactions on information theory},
  volume={31},
  number={4},
  pages={469--472},
  year={1985},
  publisher={IEEE}
}
@article{RSA,
  title={A method for obtaining digital signatures and public-key cryptosystems},
  author={Rivest, Ronald L and Shamir, Adi and Adleman, Leonard},
  journal={Communications of the ACM},
  volume={21},
  number={2},
  pages={120--126},
  year={1978},
  publisher={ACM}
}
@inproceedings{ajtai1997public,
  title={A public-key cryptosystem with worst-case/average-case equivalence},
  author={Ajtai, Mikl{\'o}s and Dwork, Cynthia},
  booktitle={STOC},
  volume={97},
  pages={284--293},
  year={1997},
  organization={Citeseer}
}
@inproceedings{PrivateRetrival-97,
  title={Computationally private information retrieval},
  author={Chor, Benny and Gilboa, Niv},
  booktitle={Journal of the ACM},
  year={1997},
  organization={Citeseer}
}
@inproceedings{CSProofs-94,
  title={CS proofs},
  author={Micali, Silvio},
  booktitle={Proceedings 35th Annual Symposium on Foundations of Computer Science},
  pages={436--453},
  year={1994},
  organization={IEEE}
}
@inproceedings{ProbEnc-82,
  title={Probabilistic encryption \& how to play mental poker keeping secret all partial information},
  author={Goldwasser, Shafi and Micali, Silvio},
  booktitle={Proceedings of the fourteenth annual ACM symposium on Theory of computing},
  pages={365--377},
  year={1982},
  organization={ACM}
}






