@article{ASurvey-18,
  title={A survey on homomorphic encryption schemes: Theory and implementation},
  author={Acar, Abbas and Aksu, Hidayet and Uluagac, A Selcuk and Conti, Mauro}, 
  journal={ACM Computing Surveys (CSUR)},
  volume={51},
  number={4},
  pages={79},
  year={2018}, 
  publisher={ACM}
}

@article{RSA-78,
  title={A method for obtaining digital signatures and public-key cryptosystems},
  author={Rivest, Ronald L and Shamir, Adi and Adleman, Leonard},
  journal={Communications of the ACM},
  volume={21},
  number={2},
  pages={120--126},
  year={1978},
  publisher={ACM}
}

