@article{fips46-3,
  title={46-3. Data Encryption Standard (DES)},
  author={FIPS, PUB},
  journal={National Institute of Standards and Technology},
  volume={25},
  number={10},
  pages={1--22},
  year={1999}
}
@book{NISTIR8105,
  title={Report on post-quantum cryptography},
  author={Chen, Lily and Chen, Lily and Jordan, Stephen and Liu, Yi-Kai and Moody, Dustin and Peralta, Rene and Perlner, Ray and Smith-Tone, Daniel},
  year={2016},
  publisher={US Department of Commerce, National Institute of Standards and Technology}
}

